@inproceedings{subianto2010interactive,
  title={Interactive statistics learning with RWikiStat},
  author={Subianto, Muhammad and Sofyan, Hizir},
  booktitle={2010 International Conference on Networking and Information Technology},
  pages={557--559},
  year={2010},
  organization={IEEE}
}

@inproceedings{sofyan2012rwikistat,
  title={RWikiStat 2.0: a Web Based Statistical Learning System (Session 1B (IASC-ARS))},
  author={Sofyan, Hizir and Muttaqin, Edi and Subianto, Muhammad},
  booktitle={Proceedings of the symposium of Japanese Society of Computational Statistics 26},
  pages={149--151},
  year={2012},
  organization={Japanese Society of Computational Statistics}
}

@article{sofyan2020analisis,
  title={Analisis Kepuasan Pengguna Aplikasi RWikiStat 3.0},
  author={Sofyan, Hizir and Rasudin, Rasudin and Miftahuddin, Miftahuddin and Saputra, Kurnia and Marzuki, Marzuki and Iqbal, Muhammad and Maulana, Doddy},
  journal={Journal of Data Analysis},
  volume={2},
  number={2},
  pages={80--87},
  year={2020}
}